@book{GNUMake,
	title={GNU make: a program for directed recompilation : GNU make version 3.81},
	author={Stallman, R.M. and McGrath, R. and Smith, P.D.},
	isbn={9781882114832},
	series={A GNU manual},
	url={},
	note = {Also available as \url{http://www.gnu.org/software/make/manual/make.html}},
	year={2004},
	publisher={Free Software Foundation}
}
@book{Python,
	title={The Python Language Reference Manual},
	author={Van Rossum, G. and Drake, F.L.J.},
	isbn={9781906966140},
	note = {Also available as \url{http://docs.python.org/release/2.7.3/reference/index.html}},
	year={2011},
	publisher={Network Theory Limited}
}
@article{TPTP,
	author = {Sutcliffe, G.},
	year = {2009},
	title = {The TPTP Problem Library and Associated Infrastructure: The FOF and CNF Parts, v3.5.0},
	journal = {Journal of Automated Reasoning},
	volume = {43},
	number = {4},
	pages = {337-362}
} 
@article{Graphviz,
    author = {Emden R. Gansner and Stephen C. North},
    title = {An open graph visualization system and its applications to software engineering},
    journal = {SOFTWARE - PRACTICE AND EXPERIENCE},
    year = {2000},
    volume = {30},
    number = {11},
    pages = {1203--1233}
}


