
@misc{iPython,
  title      = 	 {iPython Interactive Computing},
  howpublished = {Available at \url{http://ipython.org/}}
}
@book{GNUMake,
	title={GNU make: a program for directed recompilation : GNU make version 3.81},
	author={Stallman, R.M. and McGrath, R. and Smith, P.D.},
	isbn={9781882114832},
	series={A GNU manual},
	url={},
	note = {Also available as \url{http://www.gnu.org/software/make/manual/make.html}},
	year={2004},
	publisher={Free Software Foundation}
}
@book{rossum2011python,
	title={The Python Language Reference Manual},
	author={Van Rossum, G. and Drake, F.L.J.},
	isbn={9781906966140},
	note = {Also available as \url{http://docs.python.org/release/2.7.3/reference/index.html}},
	year={2011},
	publisher={Network Theory Limited}
}
@article{TPTP,
	author = {Sutcliffe, G.},
	year = {2009},
	title = {The TPTP Problem Library and Associated Infrastructure: The FOF and CNF Parts, v3.5.0},
	journal = {Journal of Automated Reasoning},
	volume = {43},
	number = {4},
	pages = {337-362}
} 
@article{Graphviz,
    author = {Emden R. Gansner and Stephen C. North},
    title = {An open graph visualization system and its applications to software engineering},
    journal = {Software- Practice and Experience},
    year = {2000},
    volume = {30},
    number = {11},
    pages = {1203--1233}
}
@Article{Eprover,
  author =       {S. Schulz},
  title =        {{E -- A Brainiac Theorem Prover}},
  journal =      {Journal of AI Communications},
  year =         {2002},
  volume =       {15},
  number =       {2/3},
  pages =        {111--126},
  OPTmonth =     {},
  note =         {}
}
@article{Vprover,
  author =       {Alexandre Riazanov and Andrei Voronkov},
  title =        {The design and implementation of VAMPIRE},
  journal =      {Journal of AI Communications},
  year =         {2002},
  volume =       {15},
  number =       {2/3},
  pages =        {91--110},
  OPTmonth =     {},
  note =         {}
}
@unpublished{prover9-mace4,
    author = {W. McCune},
    title = {Prover9 and Mace4},
    note = {\url{http://www.cs.unm.edu/~mccune/prover9/}},
    year = {2005--2010}
}
% This file was created with JabRef 2.3.1.
% Encoding: UTF8

@ARTICLE{Julakova,
  author = {Eva Jul{\'{a}}kov{\'{a}}},
  title = {Rovnice, jednotky a veličiny - jak s nimi?},
  journal = {Chem. Listy},
  year = {2005},
  volume = {99},
  pages = {250--257},
  url = {homen.vsb.cz/~wih15/Publikace/RovniceSymboly.doc}
}

@BOOK{Lamport,
  title = {Latex: a document preparation system},
  publisher = {Addison-Wesley Longman Publishing Co., Inc.},
  year = {1986},
  author = {Leslie Lamport},
  address = {Boston, MA, USA},
  isbn = {0-201-15790-X}
}

@ONLINE{csplainnat,
  url = {kraken.pedf.cuni.cz/texing/},
  cited = {2.\,6.\,2008},
  author = {David Mudr{\'{a}}k},
  title = {A modification of BibTeX style `plainnat.bst' for Czech references
	style according to ČSN ISO 690 (1996).}
}

@MANUAL{BibTeXing,
  title = {{\BibTeX}ing},
  author = {Oren Patashnik},
  year = {1988},
  note = {\href{run:C:/Program Files/MiKTeX
	
	2.7/doc/bibtex/btxdoc.dvi}{\tt Dostupné~z: C:\textbackslash{}Program~Files\textbackslash{}MiKTeX
	2.7\textbackslash{}doc\textbackslash{}bibtex\textbackslash{}btxdoc.dvi
	
	}}
}

@ONLINE{graficky_manual_CVUT,
  url = {www.cvut.cz/pracoviste/odbor-vnejsich-vztahu/dokumenty/manual_cvut_9_1.pdf},
  author = {{Reklamní~a~umělecká~agentura~Klubko~55}},
  year = {2004},
  title = {Grafický manuál identity Českého vysokého učení technického v Praze}
}

@ONLINE{LyxVisualTour,
  url = {www.lyx.org/VisualTour},
  cited = {2.\,6.\,2008},
  title = {LyX Visual Tour}
}

@ONLINE{BibTeXWiki,
  url = {cs.wikipedia.org/wiki/BibTeX},
  cited = {28.\,9.\,2008},
  publisher = {Wikipedia},
  year = {2008},
  title = {\BibTeX}
}

@ONLINE{Jabref,
  url = {jabref.sourceforge.net},
  cited = {2.\,6.\,2008},
  year = {2007},
  title = {JabRef Reference Manager},
  month = {12}
}

@article{jiangtime,
  title={Time-Frequency Detection Algorithm of Network Traffic Anomalies},
  author={Jiang, D. and Qin, W. and Nie, L. and Yao, C. and Lin, R.},
  year={2012},
 journal = {IPCSIT},
 volume = {36},
 publisher = {IACSIT Press, Singapore}
}

@article{he2004spectral,
  title={Spectral characteristics of saturated links},
  author={He, X. and Papadopoulos, C. and Heidemann, J. and Hussain, A.},
  journal={Under Submission},
  year={2004}
}
@inproceedings{chen2007spectral,
  title={Spectral analysis of TCP flows for defense against reduction-of-quality attacks},
  author={Chen, Y. and Hwang, K.},
  booktitle={Communications, 2007. ICC'07. IEEE International Conference on},
  pages={1203--1210},
  year={2007},
  organization={IEEE}
}
@inproceedings{chen2007tcp,
  title={Tcp flow analysis for defense against shrew ddos attacks},
  author={Chen, Y. and Hwang, K.},
  booktitle={IEEE International Conf. on Communications},
  pages={24--28},
  year={2007},
  organization={Citeseer}
}
@book{zalewski2005silence,
  title={Silence on the Wire: A Field Guide to Passive Reconnaissance and Indirect Attacks},
  author={Zalewski, M.},
  isbn={9781593270469},
  lccn={2004009744},
  series={No Starch Press Series},
  url={http://books.google.cz/books?id=kOQ9m38q\_t8C},
  year={2005},
  publisher={No Starch Press}
}
@InCollection{zalewski2005silence11,
  title={In Recognition of Anomalies},
  booktitle={Silence on the Wire: A Field Guide to Passive Reconnaissance and Indirect Attacks},
  author={Zalewski, M.},
  pages={173--188},
  isbn={9781593270469},
  lccn={2004009744},
  series={No Starch Press Series},
  url={http://books.google.cz/books?id=kOQ9m38q\_t8C},
  year={2005},
  publisher={No Starch Press}
}
@InCollection{zalewski2005silence10,
  title={Advanced Sheep-Counting Strategies},
  booktitle={Silence on the Wire: A Field Guide to Passive Reconnaissance and Indirect Attacks},
  author={Zalewski, M.},
  pages={151--172},
  isbn={9781593270469},
  lccn={2004009744},
  series={No Starch Press Series},
  url={http://books.google.cz/books?id=kOQ9m38q\_t8C},
  year={2005},
  publisher={No Starch Press}
}
@book{blackman1959measurement,
  title={The measurement of power spectra: from the point of view of communications engineering},
  author={Blackman, R.B. and Tukey, J.W. and Tukey, J.W. and Tukey, J.W.},
  volume={1058},
  year={1959},
  publisher={Dover Publications New York}
}
@article{chandola2009anomaly,
 author = {Chandola, Varun and Banerjee, Arindam and Kumar, Vipin},
 title = {Anomaly detection: A survey},
 journal = {ACM Comput. Surv.},
 issue_date = {July 2009},
 volume = {41},
 number = {3},
 month = jul,
 year = {2009},
 issn = {0360-0300},
 pages = {15:1--15:58},
 articleno = {15},
 numpages = {58},
 url = {http://doi.acm.org/10.1145/1541880.1541882},
 doi = {10.1145/1541880.1541882},
 acmid = {1541882},
 publisher = {ACM},
 address = {New York, NY, USA},
 keywords = {Anomaly detection, outlier detection},
}

@article{ringberg2007sensitivity,
  title={Sensitivity of PCA for traffic anomaly detection},
  author={Ringberg, H. and Soule, A. and Rexford, J. and Diot, C.},
  journal={ACM SIGMETRICS Performance Evaluation Review},
  volume={35},
  number={1},
  pages={109--120},
  year={2007},
  publisher={ACM}
}

@article{patcha2007anomaly,
 author = {Patcha, Animesh and Park, Jung-Min},
 title = {An overview of anomaly detection techniques: Existing solutions and latest technological trends},
 journal = {Comput. Netw.},
 issue_date = {August, 2007},
 volume = {51},
 number = {12},
 month = aug,
 year = {2007},
 issn = {1389-1286},
 pages = {3448--3470},
 numpages = {23},
 url = {http://dx.doi.org/10.1016/j.comnet.2007.02.001},
 doi = {10.1016/j.comnet.2007.02.001},
 acmid = {1270131},
 publisher = {Elsevier North-Holland, Inc.},
 address = {New York, NY, USA},
 keywords = {Anomaly detection, Data mining, Machine learning, Statistical anomaly detection, Survey},
}
@inproceedings{iliofotou2009exploiting,
  title={Exploiting dynamicity in graph-based traffic analysis: techniques and applications},
  author={Iliofotou, M. and Faloutsos, M. and Mitzenmacher, M.},
  booktitle={Proceedings of the 5th international conference on Emerging networking experiments and technologies},
  pages={241--252},
  year={2009},
  organization={ACM}
}
@article{smith2011network,
  title={Network resilience: a systematic approach},
  author={Smith, P. and Hutchison, D. and Sterbenz, J.P.G. and Scholler, M. and Fessi, A. and Karaliopoulos, M. and Lac, C. and Plattner, B.},
  journal={Communications Magazine, IEEE},
  volume={49},
  number={7},
  pages={88--97},
  year={2011},
  publisher={IEEE}
}
@article{chandola2012anomaly,
  title={Anomaly detection for discrete sequences: A survey},
  author={Chandola, V. and Banerjee, A. and Kumar, V.},
  journal={Knowledge and Data Engineering, IEEE Transactions on},
  volume={24},
  number={5},
  pages={823--839},
  year={2012},
  publisher={IEEE}
}
@article{davis2011data,
  title={Data preprocessing for anomaly based network intrusion detection: A review},
  author={Davis, J.J. and Clark, A.J.},
  journal={Computers \& Security},
  volume={30},
  number={6},
  pages={353--375},
  year={2011},
  publisher={Elsevier}
}
@inproceedings{chandola2008comparative,
  title={Comparative evaluation of anomaly detection techniques for sequence data},
  author={Chandola, V. and Mithal, V. and Kumar, V.},
  booktitle={Data Mining, 2008. ICDM'08. Eighth IEEE International Conference on},
  pages={743--748},
  year={2008},
  organization={IEEE}
}
@article{gogoi2011survey,
  title={A survey of outlier detection methods in network anomaly identification},
  author={Gogoi, P. and Bhattacharyya, DK and Borah, B. and Kalita, J.K.},
  journal={The Computer Journal},
  volume={54},
  number={4},
  pages={570--588},
  year={2011},
  publisher={Br Computer Soc}
}
@article{chapanond2005graph,
  title={Graph theoretic and spectral analysis of Enron email data},
  author={Chapanond, A. and Krishnamoorthy, M.S. and Yener, B.},
  journal={Computational \& Mathematical Organization Theory},
  volume={11},
  number={3},
  pages={265--281},
  year={2005},
  publisher={Springer}
}
@inproceedings{barford2002signal,
  title={A signal analysis of network traffic anomalies},
  author={Barford, P. and Kline, J. and Plonka, D. and Ron, A.},
  booktitle={Internet Measurement Conference: Proceedings of the 2 nd ACM SIGCOMM Workshop on Internet measurment},
  volume={6},
  number={08},
  pages={71--82},
  year={2002}
}
@article{sinha2006fingerprinting,
  title={Fingerprinting internet paths using packet pair dispersion},
  author={Sinha, R. and Papadopoulos, C. and Heidemann, J.},
  journal={Probe},
  volume={2},
  pages={P1},
  year={2006},
  publisher={Citeseer}
}
@article{estevez2004measuring,
  title={Measuring normality in HTTP traffic for anomaly-based intrusion detection},
  author={Est{\'e}vez-Tapiador, J.M. and Garc{\i}a-Teodoro, P. and D{\i}az-Verdejo, J.E.},
  journal={Computer Networks},
  volume={45},
  number={2},
  pages={175--193},
  year={2004},
  publisher={Elsevier}
}
@article{garcia2009anomaly,
  title={Anomaly-based network intrusion detection: Techniques, systems and challenges},
  author={Garcia-Teodoro, P. and Diaz-Verdejo, J. and Maci{\'a}-Fern{\'a}ndez, G. and V{\'a}zquez, E.},
  journal={computers \& security},
  volume={28},
  number={1},
  pages={18--28},
  year={2009},
  publisher={Elsevier}
}
@inproceedings{noble2003graph,
  title={Graph-based anomaly detection},
  author={Noble, C.C. and Cook, D.J.},
  booktitle={Proceedings of the ninth ACM SIGKDD international conference on Knowledge discovery and data mining},
  pages={631--636},
  year={2003},
  organization={ACM}
}
@article{barreto2009time,
  title={Time series clustering for anomaly detection using competitive neural networks},
  author={Barreto, G. and Aguayo, L.},
  journal={Advances in Self-Organizing Maps},
  pages={28--36},
  year={2009},
  publisher={Springer}
}
@article{sreenivas2011detecting,
  title={Detecting keyloggers based on traffic analysis with periodic behaviour},
  author={Sreenivas, R.S. and Anitha, R.},
  journal={Network Security},
  volume={2011},
  number={7},
  pages={14--19},
  year={2011},
  publisher={Elsevier}
}
@inproceedings{okumura2010spectral,
  title={Spectral analysis and dynamical behavior of complex networks},
  author={Okumura, K. and Trajkovic, L.},
  booktitle={Proc. NOLTA},
  pages={305--308},
  year={2010}
}
@book{lakhina2004structural,
  title={Structural analysis of network traffic flows},
  author={Lakhina, A. and Papagiannaki, K. and Crovella, M. and Diot, C. and Kolaczyk, E.D. and Taft, N.},
  volume={32},
  number={1},
  year={2004},
  publisher={ACM}
}
@article{onut2007feature,
  title={A feature classification scheme for network intrusion detection},
  author={Onut, I.V. and Ghorbani, A.A.},
  journal={International Journal of Network Security},
  volume={5},
  number={1},
  pages={1--15},
  year={2007},
  publisher={Citeseer}
}
@inproceedings{yamada2007intrusion,
  title={Intrusion detection for encrypted web accesses},
  author={Yamada, A. and Miyake, Y. and Takemori, K. and Studer, A. and Perrig, A.},
  booktitle={Advanced Information Networking and Applications Workshops, 2007, AINAW'07. 21st International Conference on},
  volume={1},
  pages={569--576},
  year={2007},
  organization={IEEE}
}

@Misc{darpa1999ids,
  title      = 	 {DARPA Intrusion Detection Data Sets (IDEVAL)},
  howpublished = "Available at \url{http://www.ll.mit.edu/mission/communications/ist/corpora/ideval/data/index.html}"
}

@article{thomas2010usefulness,
  title={Usefulness of DARPA dataset for intrusion detection system evaluation},
  author={Thomas, C.},
  year={2010}
}
@article{mchugh2000testing,
  title={Testing intrusion detection systems: a critique of the 1998 and 1999 DARPA intrusion detection system evaluations as performed by Lincoln Laboratory},
  author={McHugh, J.},
  journal={ACM transactions on Information and system Security},
  volume={3},
  number={4},
  pages={262--294},
  year={2000}
}
@inproceedings{mahoney2003analysis,
  title={An analysis of the 1999 DARPA/Lincoln Laboratory evaluation data for network anomaly detection},
  author={Mahoney, M. and Chan, P.},
  booktitle={Recent Advances in Intrusion Detection},
  pages={220--237},
  year={2003},
  organization={Springer}
}
@article{sarasamma2005hierarchical,
  title={Hierarchical Kohonenen net for anomaly detection in network security},
  author={Sarasamma, S.T. and Zhu, Q.A. and Huff, J.},
  journal={Systems, Man, and Cybernetics, Part B: Cybernetics, IEEE Transactions on},
  volume={35},
  number={2},
  pages={302--312},
  year={2005},
  publisher={IEEE}
}

@article{wright2006inferring,
  title={On inferring application protocol behaviors in encrypted network traffic},
  author={Wright, C.V. and Monrose, F. and Masson, G.M.},
  journal={The Journal of Machine Learning Research},
  volume={7},
  pages={2745--2769},
  year={2006},
  publisher={JMLR. org}
}
@inproceedings{undercoffer2003modeling,
  title={Modeling computer attacks: An ontology for intrusion detection},
  author={Undercoffer, J. and Joshi, A. and Pinkston, J.},
  booktitle={Recent Advances in Intrusion Detection},
  pages={113--135},
  year={2003},
  organization={Springer}
}
@article{wu2010use,
  title={The use of computational intelligence in intrusion detection systems: A review},
  author={Wu, S.X. and Banzhaf, W.},
  journal={Applied Soft Computing},
  volume={10},
  number={1},
  pages={1--35},
  year={2010},
  publisher={Elsevier}
}
@article{chebrolu2005feature,
  title={Feature deduction and ensemble design of intrusion detection systems},
  author={Chebrolu, S. and Abraham, A. and Thomas, J.P.},
  journal={Computers \& Security},
  volume={24},
  number={4},
  pages={295--307},
  year={2005},
  publisher={Elsevier}
}
@inproceedings{ingham2007comparing,
  title={Comparing anomaly detection techniques for http},
  author={Ingham, K. and Inoue, H.},
  booktitle={Recent Advances in Intrusion Detection},
  pages={42--62},
  year={2007},
  organization={Springer}
}
@inproceedings{sommer2010outside,
  title={Outside the closed world: On using machine learning for network intrusion detection},
  author={Sommer, R. and Paxson, V.},
  booktitle={Security and Privacy (SP), 2010 IEEE Symposium on},
  pages={305--316},
  year={2010},
  organization={IEEE}
}
@article{bajcsy2004cyber,
  title={Cyber defense technology networking and evaluation},
  author={Bajcsy, R. and Benzel, T. and Bishop, M. and Braden, B. and Brodley, C. and Fahmy, S. and Floyd, S. and Hardaker, W. and Joseph, A. and Kesidis, G. and others},
  journal={Communications of the ACM},
  volume={47},
  number={3},
  pages={58--61},
  year={2004},
  publisher={ACM}
}
@article{goodall2006focusing,
  title={Focusing on context in network traffic analysis},
  author={Goodall, J.R. and Lutters, W.G. and Rheingans, P. and Komlodi, A.},
  journal={Computer Graphics and Applications, IEEE},
  volume={26},
  number={2},
  pages={72--80},
  year={2006},
  publisher={IEEE}
}
@article{zanero2005analyzing,
  title={Analyzing TCP traffic patterns using self organizing maps},
  author={Zanero, S.},
  journal={Image Analysis and Processing--ICIAP 2005},
  pages={83--90},
  year={2005},
  publisher={Springer}
}

@inproceedings{jamdagni2010intrusion,
  title={Intrusion detection using GSAD model for HTTP traffic on web services},
  author={Jamdagni, A. and Tan, Z. and Nanda, P. and He, X. and Liu, R.P.},
  booktitle={Proceedings of the 6th International Wireless Communications and Mobile Computing Conference},
  pages={1193--1197},
  year={2010},
  organization={ACM}
}
@phdthesis{ingham2007anomaly,
  title={Anomaly detection for HTTP intrusion detection: algorithm comparisons and the effect of generalization on accuracy},
  author={Ingham III, K.L.R.},
  year={2007},
  school={The University of New Mexico}
}
@article{dusi2009tunnel,
  title={Tunnel hunter: Detecting application-layer tunnels with statistical fingerprinting},
  author={Dusi, M. and Crotti, M. and Gringoli, F. and Salgarelli, L.},
  journal={Computer Networks},
  volume={53},
  number={1},
  pages={81--97},
  year={2009},
  publisher={Elsevier}
}
@inproceedings{alshammari2009machine,
  title={Machine learning based encrypted traffic classification: identifying SSH and skype},
  author={Alshammari, R. and Zincir-Heywood, A.N.},
  booktitle={Computational Intelligence for Security and Defense Applications, 2009. CISDA 2009. IEEE Symposium on},
  pages={1--8},
  year={2009},
  organization={IEEE}
}
@misc{jacobson2009tcpdump,
  title={The Tcpdump Manual Page},
  author={Jacobson, V. and Leres, C. and McCanne, S.},
  year={1989},
  organization={Lawrence Berkeley Laboratory}
}
@book{wei1994time,
  title={Time series analysis},
  author={Wei, W.W.S.},
  year={1994},
  publisher={Addison-Wesley Redwood City, California}
}
@article{jacobson2009libpcap,
  title={libpcap: Packet capture library},
  author={Jacobson, V. and McCanne, S.},
  journal={Lawrence Berkeley Laboratory, Berkeley, CA},
  year={2009}
}
@inproceedings{mccanne1993pcap,
  title={The BSD packet filter: A new architecture for user-level packet capture},
  author={McCanne, S. and Jacobson, V.},
  booktitle={Proceedings of the USENIX Winter 1993 Conference Proceedings on USENIX Winter 1993 Conference Proceedings},
  pages={2--2},
  year={1993},
  organization={USENIX Association}
}

@Misc{wikipedia,
  title      = 	 {Wikipedia, the free encyclopedia},
  howpublished = "\url{http://www.wikipedia.org}",
}

@Misc{ProofByAuthority,
  author = {Donald E. Knuth},
  howpublished      = 	 {personal communication},
  year = 1991
}
@article{chawla2004editorial,
  title={Editorial: special issue on learning from imbalanced data sets},
  author={Chawla, N.V. and Japkowicz, N. and Kotcz, A.},
  journal={ACM SIGKDD Explorations Newsletter},
  volume={6},
  number={1},
  pages={1--6},
  year={2004},
  publisher={ACM}
}
@article{phua2004minority,
  title={Minority report in fraud detection: classification of skewed data},
  author={Phua, C. and Alahakoon, D. and Lee, V.},
  journal={ACM SIGKDD Explorations Newsletter},
  volume={6},
  number={1},
  pages={50--59},
  year={2004},
  publisher={ACM}
}
@inproceedings{joshi2002predicting,
  title={Predicting rare classes: Can boosting make any weak learner strong?},
  author={Joshi, M.V. and Agarwal, R.C. and Kumar, V.},
  booktitle={Proceedings of the eighth ACM SIGKDD international conference on Knowledge discovery and data mining},
  pages={297--306},
  year={2002},
  organization={ACM}
}
@misc{caida2011trace,

  title      = 	 {The CAIDA UCSD Anonymized Internet Traces 2011 - 03},
  howpublished = {Available at \url{http://www.caida.org/data/passive/passive_2011_dataset.xml}}
}
@misc{caida2010trace,
  title      = 	 {The CAIDA UCSD Anonymized Internet Traces 2010 - <dates used>},
  howpublished = {Available at \url{http://www.caida.org/data/passive/passive_2010_dataset.xml}}
}
@misc{caidaoc48trace,
  title      = 	 {The CAIDA UCSD OC48 Internet Traces Dataset - <dates used>},
  howpublished = {Available at url{http://www.caida.org/data/passive/passive_oc48_dataset.xml}}
}
@book{oliphant2006numpy,
  title={A Guide to NumPy},
  author={Oliphant, T.E.},
  volume={1},
  year={2006},
  publisher={Trelgol Publishing USA}
}
@article{pedregosa2011scikit,
  title={Scikit-learn: Machine learning in Python},
  author={Pedregosa, F. and Varoquaux, G. and Gramfort, A. and Michel, V. and Thirion, B. and Grisel, O. and Blondel, M. and Prettenhofer, P. and Weiss, R. and Dubourg, V. and others},
  journal={The Journal of Machine Learning Research},
  volume={12},
  pages={2825--2830},
  year={2011},
  publisher={JMLR. org}
}
@misc{penny2000signal,
  title={Signal processing course},
  author={Penny, W.D.},
  year={2000},
  publisher={Tech. Rep., University College London}
}
@article{kay1981spectrum,
  title={Spectrum analysis—a modern perspective},
  author={Kay, S.M. and Marple Jr, S.L.},
  journal={Proceedings of the IEEE},
  volume={69},
  number={11},
  pages={1380--1419},
  year={1981},
  publisher={IEEE}
}
@article{yoon2009butterworth,
  title={Butterworth window for power spectral density estimation},
  author={Yoon, T.H. and Joo, E.K.},
  journal={ETRI journal},
  volume={31},
  number={3},
  pages={292--297},
  year={2009}
}
@misc{claise2007rfc,
  title={RFC 3954: Cisco Systems NetFlow Services Export Version 9 (2004)},
  author={Claise, B.},
  howpublished={Available at \url{http://www. ietf. org/rfc/rfc3954. txt}},
  year={2007}
}
@inproceedings{folk2011overview,
  title={An overview of the HDF5 technology suite and its applications},
  author={Folk, M. and Heber, G. and Koziol, Q. and Pourmal, E. and Robinson, D.},
  booktitle={Proceedings of the EDBT/ICDT 2011 Workshop on Array Databases},
  pages={36--47},
  year={2011},
  organization={ACM}
}
@inproceedings{haag2006netflow,
  title={Netflow tools nfsen and nfdump},
  author={Haag, P.},
  booktitle={18th Annual FIRST Conference},
  year={2006}
}


@misc{boraros2012pynfsa,
  howpublished = {Available at \url{https://github.com/pborky/pynfsa}},
  author = {Boraros, P.},
  year = {2012},
  title = {PyNfSA -- Python NetFlow Spectral Analyzer}
}
@article{bengio2004no,
  title={No unbiased estimator of the variance of k-fold cross-validation},
  author={Bengio, Y. and Grandvalet, Y.},
  journal={The Journal of Machine Learning Research},
  volume={5},
  pages={1089--1105},
  year={2004},
  publisher={JMLR. org}
}
@article{rousseeuw1984least,
  title={Least median of squares regression},
  author={Rousseeuw, P.J.},
  journal={Journal of the American statistical association},
  volume={79},
  number={388},
  pages={871--880},
  year={1984},
  publisher={Taylor \& Francis}
}
@book{kamath2009scientific,
  title={Scientific data mining: a practical perspective},
  author={Kamath, C.},
  year={2009},
  publisher={Siam}
}
@article{grubbs1969procedures,
  title={Procedures for detecting outlying observations in samples},
  author={Grubbs, F.E.},
  journal={Technometrics},
  volume={11},
  number={1},
  pages={1--21},
  year={1969},
  publisher={Taylor \& Francis Group}
}
@inproceedings{salagean2010real,
  title={Real network traffic anomaly detection based on analytical discrete wavelet transform},
  author={Salagean, M.},
  booktitle={Optimization of Electrical and Electronic Equipment (OPTIM), 2010 12th International Conference on},
  pages={926--931},
  year={2010},
  organization={IEEE}
}
@inproceedings{gao2006anomaly,
  title={Anomaly detection of network traffic based on wavelet packet},
  author={Gao, J. and Hu, G. and Yao, X. and Chang, R.K.C.},
  booktitle={Communications, 2006. APCC'06. Asia-Pacific Conference on},
  pages={1--5},
  year={2006},
  organization={IEEE}
}
@article{crockford2006application,
  title={The application/json media type for javascript object notation (json)},
  author={Crockford, D.},
  howpublished={Available at \url{http://tools.ietf.org/html/rfc4627. txt}},
  year={2006}
}
@article{anscombe1960rejection,
  title={Rejection of outliers},
  author={Anscombe, F.J.},
  journal={Technometrics},
  volume={2},
  number={2},
  pages={123--146},
  year={1960},
  publisher={Taylor \& Francis Group}
}